@online{Unity,
    author    = "Unity",
    title     = "Homepage Unity",
    url       = "https://unity.com/de",
    note      = "Letzter Zugriff 18. Februar 2022",
    keywords  = "Unity"
}

@online{Raycast,
    author    = "Unity",
    title     = "Scripting API: Physics.Raycast",
    url       = "https://docs.unity3d.com/ScriptReference/Physics.Raycast.html",
    note      = "Letzter Zugriff 18. Februar 2022",
    keywords  = "Unity"
}

@online{Khronos,
    author    = "Khronos Group",
    title     = "Homepage OpenXR",
    url       = "https://www.khronos.org/openxr/",
    note      = "Letzter Zugriff 18. Februar 2022",
    keywords  = "OpenXR"
}

@online{Locomotion,
    author    = "Costas Boletsis, Jarl Erik Cedergren",
    title     = "VR Locomotion in the New Era of Virtual Reality: An Empirical Comparison of Prevalent Techniques",
    doi       = "https://doi.org/10.1155/2019/7420781",
    note      = "Letzter Zugriff 24. Februar 2022",
    keywords  = "Paper"
}

@online{Grabbing,
    author    = "Doug A. Bowman, Larry F. Hodges",
    title     = "An evaluation of techniques for grabbing and manipulating remote objects in immersive virtual environments",
    doi       = "https://doi.org/10.1145/253284.253301",
    note      = "Letzter Zugriff 24. Februar 2022",
    keywords  = "Paper"
}